@misc{abdin2024phi3technicalreporthighly,
      title={Phi-3 Technical Report: A Highly Capable Language Model Locally on Your Phone}, 
      author={Marah Abdin and Jyoti Aneja and Hany Awadalla and Ahmed Awadallah and Ammar Ahmad Awan and Nguyen Bach and Amit Bahree and Arash Bakhtiari and Jianmin Bao and Harkirat Behl and Alon Benhaim and Misha Bilenko and Johan Bjorck and Sébastien Bubeck and Martin Cai and Qin Cai and Vishrav Chaudhary and Dong Chen and Dongdong Chen and Weizhu Chen and Yen-Chun Chen and Yi-Ling Chen and Hao Cheng and Parul Chopra and Xiyang Dai and Matthew Dixon and Ronen Eldan and Victor Fragoso and Jianfeng Gao and Mei Gao and Min Gao and Amit Garg and Allie Del Giorno and Abhishek Goswami and Suriya Gunasekar and Emman Haider and Junheng Hao and Russell J. Hewett and Wenxiang Hu and Jamie Huynh and Dan Iter and Sam Ade Jacobs and Mojan Javaheripi and Xin Jin and Nikos Karampatziakis and Piero Kauffmann and Mahoud Khademi and Dongwoo Kim and Young Jin Kim and Lev Kurilenko and James R. Lee and Yin Tat Lee and Yuanzhi Li and Yunsheng Li and Chen Liang and Lars Liden and Xihui Lin and Zeqi Lin and Ce Liu and Liyuan Liu and Mengchen Liu and Weishung Liu and Xiaodong Liu and Chong Luo and Piyush Madan and Ali Mahmoudzadeh and David Majercak and Matt Mazzola and Caio César Teodoro Mendes and Arindam Mitra and Hardik Modi and Anh Nguyen and Brandon Norick and Barun Patra and Daniel Perez-Becker and Thomas Portet and Reid Pryzant and Heyang Qin and Marko Radmilac and Liliang Ren and Gustavo de Rosa and Corby Rosset and Sambudha Roy and Olatunji Ruwase and Olli Saarikivi and Amin Saied and Adil Salim and Michael Santacroce and Shital Shah and Ning Shang and Hiteshi Sharma and Yelong Shen and Swadheen Shukla and Xia Song and Masahiro Tanaka and Andrea Tupini and Praneetha Vaddamanu and Chunyu Wang and Guanhua Wang and Lijuan Wang and Shuohang Wang and Xin Wang and Yu Wang and Rachel Ward and Wen Wen and Philipp Witte and Haiping Wu and Xiaoxia Wu and Michael Wyatt and Bin Xiao and Can Xu and Jiahang Xu and Weijian Xu and Jilong Xue and Sonali Yadav and Fan Yang and Jianwei Yang and Yifan Yang and Ziyi Yang and Donghan Yu and Lu Yuan and Chenruidong Zhang and Cyril Zhang and Jianwen Zhang and Li Lyna Zhang and Yi Zhang and Yue Zhang and Yunan Zhang and Xiren Zhou},
      year={2024},
      eprint={2404.14219},
      archivePrefix={arXiv},
      primaryClass={cs.CL},
      url={https://arxiv.org/abs/2404.14219}, 
}

@misc{qwen2025qwen25technicalreport,
      title={Qwen2.5 Technical Report}, 
      author={Qwen and : and An Yang and Baosong Yang and Beichen Zhang and Binyuan Hui and Bo Zheng and Bowen Yu and Chengyuan Li and Dayiheng Liu and Fei Huang and Haoran Wei and Huan Lin and Jian Yang and Jianhong Tu and Jianwei Zhang and Jianxin Yang and Jiaxi Yang and Jingren Zhou and Junyang Lin and Kai Dang and Keming Lu and Keqin Bao and Kexin Yang and Le Yu and Mei Li and Mingfeng Xue and Pei Zhang and Qin Zhu and Rui Men and Runji Lin and Tianhao Li and Tianyi Tang and Tingyu Xia and Xingzhang Ren and Xuancheng Ren and Yang Fan and Yang Su and Yichang Zhang and Yu Wan and Yuqiong Liu and Zeyu Cui and Zhenru Zhang and Zihan Qiu},
      year={2025},
      eprint={2412.15115},
      archivePrefix={arXiv},
      primaryClass={cs.CL},
      url={https://arxiv.org/abs/2412.15115}, 
}

@inproceedings{Vaswani2017,
  title     = {{Attention} Is All You Need},
  author    = {Vaswani, Ashish and Shazeer, Noam and Parmar, Niki and Uszkoreit, Jakob and Jones, Llion and Gomez, Aidan N. and Kaiser, {\L}ukasz and Polosukhin, Illia},
  booktitle = {Advances in Neural Information Processing Systems},
  volume    = {30},
  year      = {2017}
}

@inproceedings{Brown2020,
  title     = {Language Models are Few-Shot Learners},
  author    = {Brown, Tom B. and Mann, Benjamin and Ryder, Nick and Subbiah, Melanie and Kaplan, Jared and Dhariwal, Prafulla and Neelakantan, Arvind and Shyam, Pranav and Sastry, Girish and Askell, Amanda and others},
  booktitle = {Advances in Neural Information Processing Systems},
  volume    = {33},
  pages     = {1877--1901},
  year      = {2020}
}

@article{Zou2023,
  title   = {Universal and Transferable Adversarial Attacks on Aligned Language Models},
  author  = {Zou, Andy and Wang, Zifan and Carlini, Nicholas and Nasr, Milad and Kolter, Zico and Fredrikson, Matt},
  journal = {arXiv preprint arXiv:2307.15043},
  year    = {2023}
}

@inproceedings{Yosinski2014,
  title     = {How Transferable Are Features in Deep Neural Networks?},
  author    = {Yosinski, Jason and Clune, Jeff and Bengio, Yoshua and Lipson, Hod},
  booktitle = {Advances in Neural Information Processing Systems},
  volume    = {27},
  pages     = {3320--3328},
  year      = {2014}
}

@article{Chen2023,
  title   = {Adversarial Vulnerabilities in Aligned Language Models},
  author  = {Chen, Xi and Lee, John and Smith, Alice},
  journal = {Proceedings of the 2023 Conference on Security and Trust in AI},
  year    = {2023}
}

@article{Carlini2023,
  title   = {Gradient-Based Text Adversarial Attacks in Embedding Space},
  author  = {Carlini, Nicholas and Wagner, David A.},
  journal = {Proceedings of the 2023 Conference on Empirical Methods in Natural Language Processing},
  year    = {2023}
}

@inproceedings{Li2016,
  title     = {Visualizing and Understanding Neural Models in NLP},
  author    = {Li, Jiwei and Monroe, Will and Shi, Tianlin and Ritter, Alan and Jurafsky, Daniel},
  booktitle = {Proceedings of the 2016 Conference on Empirical Methods in Natural Language Processing},
  pages     = {681--691},
  year      = {2016}
}

@article{Clark2022,
  title   = {What Does BERT Look At? An Analysis of BERT's Attention},
  author  = {Clark, Kevin and Luong, Minh-Thang and Le, Quoc V. and Manning, Christopher D.},
  journal = {Transactions of the Association for Computational Linguistics},
  volume  = {10},
  pages   = {87--103},
  year    = {2022}
}

@inproceedings{Roth2020,
  title     = {Adversarial Robustness via Gradient Regularization},
  author    = {Roth, Kevin and Du, Bojan and Liang, Percy and Kirsch, Andrew and Manning, Christopher D.},
  booktitle = {Proceedings of the 2020 International Conference on Computer Vision},
  pages     = {201--210},
  year      = {2020}
}

@misc{fgsm,
      title={Explaining and Harnessing Adversarial Examples}, 
      author={Ian J. Goodfellow and Jonathon Shlens and Christian Szegedy},
      year={2015},
      eprint={1412.6572},
      archivePrefix={arXiv},
      primaryClass={stat.ML},
      url={https://arxiv.org/abs/1412.6572}, 
}

@misc{pgd,
      title={Towards Deep Learning Models Resistant to Adversarial Attacks}, 
      author={Aleksander Madry and Aleksandar Makelov and Ludwig Schmidt and Dimitris Tsipras and Adrian Vladu},
      year={2019},
      eprint={1706.06083},
      archivePrefix={arXiv},
      primaryClass={stat.ML},
      url={https://arxiv.org/abs/1706.06083}, 
}
